% This file was created with Citavi 6.5.0.0

@misc{Bedner.2010,
 author = {Bedner, Mark and Ackermann, Tobias},
 date = {2010},
 title = {Schutzziele der IT-Sicherheit},
 url = {https://www.uni-kassel.de/fb07/fileadmin/datas/fb07/5-Institute/IWR/Ro%C3%9Fnagel/veroeffentlichungen/bedner_ackermann_schutzziele_der_it_sicherheit_dud_2010_323.pdf},
 urldate = {06.11.2020},
 institution = {{Uni Kassel}}
}


@book{Kriha.2008,
 abstract = {Die Praxis zeigt, dass bei der Entwicklung gro{\ss}er, komplexer Softwaresysteme Sicherheitsaspekte oft gar nicht oder erst sehr sp{\"a}t ber{\"u}cksichtigt werden. IT-Security-Spezialisten werden in die Entwicklung neuer Systeme oft nicht eingebunden, und Softwareentwicklern fehlt h{\"a}ufig das Bewusstsein f{\"u}r Sicherheitsprobleme und die n{\"o}tigen Detailkenntnisse, vorhandene L{\"o}sungen richtig einzusetzen. Hier setzt das Buch an und schl{\"a}gt eine Br{\"u}cke von der Softwaresicht zu mehr netzwerkorientierten Aspekten der Internet-Security. Ziel der Autoren ist es, bei Entwicklern und Projektleitern ein grundlegendes Sicherheitsbewusstsein zu schaffen und ihnen einen Leitfaden f{\"u}r den Bau sicherer verteilter Systeme an die Hand zu geben. Sicherheitsprobleme werden anhand konkreter Beispiele diskutiert und passende L{\"o}sungen aufgezeigt. Technische Hintergr{\"u}nde zu Sicherheitsmechanismen wie digitale Signaturen, Zertifikate, Hashfunktionen oder Firewall-Architekturen werden genau an der Stelle erl{\"a}utert, an der sie ben{\"o}tigt werden. TOC:0. Einf{\"u}hrung.- Security aus soziologische Sicht.- Das Herstellen von Vertrauensbeziehungen als zentrales Problem der Internet-Security.- 1. Ein erstes Beispiel: Der Online-Fahrkartenverkauf der Deutschen Bahn.- Wo liegen m{\"o}gliche Sicherheitsprobleme?- Wie k{\"o}nnen sie gel{\"o}st werden?- 2. Mechanismen der Netzwerksicherheit.- Verschl{\"u}sselung, Digitale Signatur, Hashfunktionen.- SSL, IPSec.- Firewall-Architekturen.- Drahtlose Netze.- Load Balancing.- 3. Von kanalbasierter zu tokenbasierter Sicherheit.- Warum tokenbasierte Sicherheit?- Web Services.- XML Security.- Single Sign On.- 4. Ausblick.- eros.org.- Capabilities.- Anhang.- Secure Coding.- Virtual Machine Security.- Mathematik von Public Key Kryptosystemen},
 author = {Kriha, Walter and Schmitz, Roland},
 year = {2008},
 title = {Internet-Security aus Software-Sicht: Grundlagen der Software-Erstellung f{\"u}r sicherheitskritische Bereiche},
 price = {EUR 49.95},
 address = {Berlin},
 publisher = {Springer},
 isbn = {978-3-54068906-5},
 series = {Xpert.press},
 file = {http://d-nb.info/971632995/04}
}


@misc{Lackes.o.J.,
 author = {Lackes, Richard and Spiepermann, Markus and Schewe, gerhard},
 editor = {{Springer Fachmedien Wiesbaden GmbH}},
 title = {Informationssystem: Definition: Was ist {\textquotedbl}Informationssystem{\textquotedbl}?},
 url = {https://wirtschaftslexikon.gabler.de/definition/informationssystem-41571},
 note = {28.10.2020}
}


@misc{Luber.2020,
 author = {Luber, Stefan and Schmitz, Peter},
 editor = {{Security Insider}},
 title = {Was ist Endpoint Security?},
 url = {https://www.security-insider.de/was-ist-endpoint-security-a-895829/},
 note = {28.10.2020}
}


@book{Mandl.2009,
 abstract = {Das Buch ist vor allem f{\"u}r das Masterstudium geeignet und vermittelt fortgeschrittene Inhalte zu Prinzipien, Architekturen und und Technologien verteilter Anwendungen. Es kann sowohl zum Selbststudium als auch vorlesungsbegleitend eingesetzt werden. Das Buch vermittelt die grundlegenden Theorien und ist zudem praxisorientiert. Es soll auch als Entscheidungsgrundlage f{\"u}r die Entwicklung verteilter Informationssysteme dienen. Zu jedem Kapitel wird auf der begleitenden Webseite ein didaktisch aufbereiteter Foliensatz mit vielen Bildern zur Verf{\"u}gung gestellt. Au{\ss}erdem finden sich dort Musterl{\"o}sungen zu den im Buch enthaltenen umfangreichen Kontrollfragen.},
 author = {Mandl, Peter},
 year = {2009},
 title = {Masterkurs Verteilte betriebliche Informationssysteme: Prinzipien, Architekturen und Technologien},
 address = {Wiesbaden},
 edition = {1. Aufl.},
 publisher = {{Vieweg+Teubner Verlag / GWV Fachverlage GmbH Wiesbaden}},
 isbn = {978-3-8348-9262-1},
 series = {Studium},
 doi = {10.1007/978-3-8348-9262-1},
 file = {http://external.dandelon.com/download/attachments/dandelon/ids/DE002415E60507E41B733C125752300570430.pdf},
 file = {https://external.dandelon.com/download/attachments/dandelon/ids/DE002415E60507E41B733C125752300570430.pdf}
}


@article{Mirhakkak.1993,
 author = {Mirhakkak, Mohammad},
 year = {1993},
 title = {A distributed system security architecture},
 pages = {6--16},
 volume = {23},
 number = {5},
 issn = {0146-4833},
 journal = {ACM SIGCOMM Computer Communication Review},
 doi = {10.1145/165611.165613}
}


@book{Mishra.2010,
 author = {Mishra, B. K.},
 year = {2010},
 title = {Proceedings of the International Conference and Workshop on Emerging Trends in Technology},
 url = {http://dl.acm.org/citation.cfm?id=1741906},
 address = {New York, NY},
 publisher = {ACM},
 isbn = {978-1-60558-812-4},
 institution = {{ACM Special Interest Group on Artificial Intelligence} and {ACM Special Interest Group on Computer Architecture}}
}


@misc{o.V.2011,
 author = {{o. V}},
 title = {Grundlagen verteilter Systeme: Motivation, Definition und Charakteristika},
 url = {https://vsis-www.informatik.uni-hamburg.de/oldServer/teaching/ws-12.13/vis/folien/01-Grundlagen.pdf},
 address = {Hamburg},
 note = {28.10.2020}
}


@misc{Pfitzmann.,
 author = {Pfitzmann, Andreas},
 title = {Sicherheit in Rechnernetzen},
 institution = {{TU Dresden}}
}


@misc{Schonschek.2017,
 author = {Schonschek, Oliver and Schmitz, Peter},
 editor = {{Security Insider}},
 title = {IT-Security umfasst die Sicherheit der ganzen IT},
 url = {https://www.security-insider.de/it-security-umfasst-die-sicherheit-der-ganzen-it-a-578480/}
}


@misc{SecurityInsider.2017,
 editor = {{Security Insider}},
 title = {Was bedeutet Netzwerksicherheit?},
 url = {https://www.security-insider.de/was-bedeutet-netzwerksicherheit-a-578391/},
 note = {28.10.2020}
}


@misc{Werner.2011,
 author = {Werner, Christian},
 year = {2011},
 title = {Verteilte Systeme: 8. Sicherheit},
 url = {https://www.ibr.cs.tu-bs.de/courses/ss11/vs/VS-Kap08-Sicherheit.pdf},
 address = {Braunschweig},
 institutions = {{Institut f{\"u}r Betriebssysteme und Rechnerverbund}}
}


@Online{OktaJWTAuth,
  author = {Macy Ngan},
  label  = {okta},
  year  = {2019},
  url  =  {https://developer.okta.com/blog/2019/02/14/modern-token-authentication-in-node-with-express},
  urldate = {2019-02-14}
}

@Online{JWT,
  author = {Auth0},
  label  = {JWT},
  year  = {2020},
  url  =  {https://jwt.io/},
  urldate = {2012-11-27}
}




